@book{sutton_et_al_2018,
 author = {Sutton, Richard S. and Barto, Andrew G.},
 title = {Reinforcement Learning: An Introduction},
 year = {2018},
 edition = {2nd},
 publisher = {MIT Press},
 address = {Cambridge, MA, USA},
}

@article{turney_2000,
  author    = {Peter D. Turney},
  title     = {Types of Cost in Inductive Concept Learning},
  journal   = {CoRR},
  volume    = {cs.LG/0212034},
  year      = {2002},
  url       = {http://arxiv.org/abs/cs.LG/0212034},
  timestamp = {Mon, 13 Aug 2018 16:47:00 +0200},
  biburl    = {https://dblp.org/rec/bib/journals/corr/cs-LG-0212034},
  bibsource = {dblp computer science bibliography, https://dblp.org}
}

@article{guan_et_al_2018,
  author    = {Hongjiao Guan and
               Yingtao Zhang and
               Heng{-}Da Cheng and
               Xianglong Tang},
  title     = {Abstaining Classification When Error Costs are Unequal and Unknown},
  journal   = {CoRR},
  volume    = {abs/1806.03445},
  year      = {2018},
  url       = {http://arxiv.org/abs/1806.03445},
  archivePrefix = {arXiv},
  eprint    = {1806.03445},
  timestamp = {Mon, 13 Aug 2018 16:49:01 +0200},
  biburl    = {https://dblp.org/rec/bib/journals/corr/abs-1806-03445},
  bibsource = {dblp computer science bibliography, https://dblp.org}
}

@article{vanderlooy_et_al_2009,
 author = {Stijn Vanderlooy and Ida G. Sprinkhuizen-Kuyper and Evgueni N. Smirnov and H. Jaap van den Herik},
 title = {The ROC Isometrics Approach to Construct Reliable Classifiers},
 journal = {Intell. Data Anal.},
 issue_date = {January 2009},
 volume = {13},
 number = {1},
 month = jan,
 year = {2009},
 issn = {1088-467X},
 pages = {3--37},
 numpages = {35},
 url = {http://dl.acm.org/citation.cfm?id=1551758.1551760},
 acmid = {1551760},
 publisher = {IOS Press},
 address = {Amsterdam, The Netherlands, The Netherlands},
 keywords = {ROC analysis, abstaining classifiers, cost-sensitive classification, isometrics, reliable classifiers},
}

@article{fisher_et_al_2016,
title = "Optimal local rejection for classifiers",
journal = "Neurocomputing",
volume = "214",
pages = "445 - 457",
year = "2016",
issn = "0925-2312",
doi = "https://doi.org/10.1016/j.neucom.2016.06.038",
url = "http://www.sciencedirect.com/science/article/pii/S0925231216306762",
author = "Lydia Fischer and Barbara Hammer and Heiko Wersing",
keywords = "Classification, Prototype-based, Distance-based, Local rejection, Multiple choice knapsack",
}

@inproceedings{tortella_2000,
author = {Tortorella, Francesco},
year = {2000},
month = {08},
pages = {611-620},
title = {An Optimal Reject Rule for Binary Classifiers},
journal = {Proc. Int. Workshop on Statistical Pattern Recognition, Alicante, Spain},
doi = {10.1007/3-540-44522-6_63}
}

@inproceedings{pietraszek_2005,
 author = {Pietraszek, Tadeusz},
 title = {Optimizing Abstaining Classifiers Using ROC Analysis},
 booktitle = {Proceedings of the 22Nd International Conference on Machine Learning},
 series = {ICML '05},
 year = {2005},
 isbn = {1-59593-180-5},
 location = {Bonn, Germany},
 pages = {665--672},
 numpages = {8},
 url = {http://doi.acm.org/10.1145/1102351.1102435},
 doi = {10.1145/1102351.1102435},
 acmid = {1102435},
 publisher = {ACM},
 address = {New York, NY, USA},
}

@misc{uci,
author = "Dua, Dheeru and Graff, Casey",
year = "2017",
title = "{UCI} Machine Learning Repository",
url = "http://archive.ics.uci.edu/ml",
institution = "University of California, Irvine, School of Information and Computer Sciences"
}
